
@article{beebe_sceadan:_2013,
	title = {Sceadan: {Using} {Concatenated} {N}-{Gram} {Vectors} for {Improved} {File} and {Data} {Type} {Classification}},
	volume = {8},
	issn = {1556-6013},
	doi = {10.1109/TIFS.2013.2274728},
	number = {9},
	journal = {IEEE Transactions on Information Forensics and Security},
	author = {Beebe, N. L. and Maddox, L. A. and Liu, L. and Sun, M.},
	month = sep,
	year = {2013},
	keywords = {digital forensics, n-gram, SVM, BFD, entropy, compressibility, statistical analysis, advanced data analysis, byte frequency-based measure, Classification algorithms, complexity, Complexity theory, computational complexity, concatenated bigram, concatenated N-gram vector, concatenated unigram, data analysis, data type classification, Data type classification, file organisation, file type classification, Frequency measurement, information security application, Kernel, linear kernel SVM, open source software tool, pattern classification, public domain software, Sceadan-systematic classification engine, software tools, support vector machine, Support vector machine classification, support vector machines, Training, winning approach},
	pages = {1519--1530},
	file = {Beebe et al. - 2013 - Sceadan Using Concatenated N-Gram Vectors for Imp.pdf:/home/atila.alr/Sync/mestrado/zotero/storage/FHBG5IPC/Beebe et al. - 2013 - Sceadan Using Concatenated N-Gram Vectors for Imp.pdf:application/pdf}
}

@article{ali_review_2018,
	title = {A review of digital forensics methods for {JPEG} file carving},
	volume = {96},
	url = {https://www.scopus.com/inward/record.uri?eid=2-s2.0-85053385456&partnerID=40&md5=d19ba5c87cec22cec8cca03228055b59},
	number = {17},
	journal = {Journal of Theoretical and Applied Information Technology},
	author = {Ali, R.R. and Mohamad, K.M. and Jamel, S. and Khalid, S.K.A.},
	year = {2018},
	pages = {5841--5856},
	file = {Ali et al. - 2018 - A review of digital forensics methods for JPEG fil.pdf:/home/atila.alr/Sync/mestrado/zotero/storage/MFJP7IDE/Ali et al. - 2018 - A review of digital forensics methods for JPEG fil.pdf:application/pdf;Full Text:/home/atila.alr/Sync/mestrado/zotero/storage/RZXWZYD3/ALI et al. - 2018 - A REVIEW OF DIGITAL FORENSICS METHODS FOR JPEG FIL.pdf:application/pdf}
}

@inproceedings{alamri_taxonomy_2014,
	title = {A taxonomy of file-type identification techniques},
	url = {https://www.scopus.com/inward/record.uri?eid=2-s2.0-84940702802&doi=10.1145%2f2638404.2638524&partnerID=40&md5=4549d5ef96ee54b17c9b78d0482a0607},
	doi = {10.1145/2638404.2638524},
	booktitle = {{ACM} {Southeast} {Regional} {Conference}},
	publisher = {Scopus},
	author = {Alamri, N.S. and Allen, W.H.},
	year = {2014},
	note = {4p},
	keywords = {computer forensics, file systems, taxonomies},
	file = {A Taxonomy of File-Type Identification Techniques.pdf:/home/atila.alr/Sync/mestrado/zotero/storage/LIAIM9C7/A Taxonomy of File-Type Identification Techniques.pdf:application/pdf}
}

@phdthesis{hiester_file_2018,
	type = {Undergraduate {Honors} {Theses}},
	title = {File {Fragment} {Classification} {Using} {Neural} {Networks} with {Lossless} {Representations}},
	school = {East Tennessee State University},
	author = {Hiester, Luke},
	year = {2018},
	note = {36p},
	keywords = {NN},
	file = {Hiester - 2018 - File Fragment Classification Using Neural Networks.pdf:/home/atila.alr/Sync/mestrado/zotero/storage/5XKXCUZK/Hiester - 2018 - File Fragment Classification Using Neural Networks.pdf:application/pdf}
}

@article{penrose_approaches_2013,
	title = {Approaches to the classification of high entropy file fragments},
	volume = {10},
	number = {4},
	journal = {Digital Investigation},
	author = {Penrose, Philip and Macfarlane, Richard and Buchanan, William J},
	year = {2013},
	keywords = {NN, compressibility, NIST statistical test},
	pages = {372--384},
	file = {Penrose et al. - 2013 - Approaches to the classification of high entropy f.pdf:/home/atila.alr/Sync/mestrado/zotero/storage/KA4B5WIC/Penrose et al. - 2013 - Approaches to the classification of high entropy f.pdf:application/pdf}
}

@inproceedings{xu_reassembling_2009,
	title = {Reassembling the fragmented {JPEG} images based on sequential pixel prediction},
	booktitle = {International {Symposium} on {Computer} {Network} and {Multimedia} {Technology} ({CNMT})},
	publisher = {IEEE},
	author = {Xu, Ming and Dong, Shule},
	year = {2009},
	keywords = {NN},
	pages = {1--6},
	file = {Xu and Dong - 2009 - Reassembling the fragmented JPEG images based on s.pdf:/home/atila.alr/Sync/mestrado/zotero/storage/55X4WQKN/Xu and Dong - 2009 - Reassembling the fragmented JPEG images based on s.pdf:application/pdf}
}

@article{amirani_feature-based_2013,
	title = {Feature-based {Type} {Identification} of {File} {Fragments}},
	volume = {6},
	number = {1},
	journal = {Security and Communication Networks},
	author = {Amirani, Mehdi Chehel and Toorani, Mohsen and Mihandoost, Sara},
	year = {2013},
	keywords = {NN, SVM, PCA},
	pages = {115--128},
	file = {Full Text:/home/atila.alr/Sync/mestrado/zotero/storage/DX3G6P9B/Amirani et al. - 2013 - Feature-based Type Identification of File Fragment.pdf:application/pdf;Full Text:/home/atila.alr/Sync/mestrado/zotero/storage/TX6VLNVH/Amirani et al. - 2013 - Feature-based Type Identification of File Fragment.pdf:application/pdf;Snapshot:/home/atila.alr/Sync/mestrado/zotero/storage/FT5EQJUC/sec.html:text/html;Snapshot:/home/atila.alr/Sync/mestrado/zotero/storage/KFAVJ3SY/sec.html:text/html}
}

@article{ahmed_fast_2011,
	title = {Fast content-based file type identification},
	volume = {361},
	journal = {Advances in Digital Forensics},
	author = {Ahmed, I. and Lhee, K.-S. and Shin, H.-J. and Hong, M.-P.},
	year = {2011},
	keywords = {LDA, NN, kNN, SVM},
	pages = {65--75},
	file = {Ahmed et al. - 2011 - Fast content-based file type identification.pdf:/home/atila.alr/Sync/mestrado/zotero/storage/25A2TDPN/Ahmed et al. - 2011 - Fast content-based file type identification.pdf:application/pdf}
}

@article{ahmed_content-based_2010,
	title = {Content-based file-type identification using cosine similarity and a divide-and-conquer approach},
	volume = {27},
	doi = {10.4103/0256-4602.67149},
	number = {6},
	journal = {Institution of Electronics and Telecommunication Engineers (IETE) Technical Review, India},
	author = {Ahmed, I. and Lhee, K. and Shin, H. and Hong, M.},
	year = {2010},
	keywords = {NN, cosine similarity},
	pages = {465--477},
	file = {Ahmed et al. - 2010 - Content-based file-type identification using cosin.pdf:/home/atila.alr/Sync/mestrado/zotero/storage/LCAT6AP7/Ahmed et al. - 2010 - Content-based file-type identification using cosin.pdf:application/pdf}
}

@inproceedings{garfinkel_carving_2007,
	title = {Carving contiguous and fragmented files with fast object validation},
	doi = {10.1016/j.diin.2007.06.017},
	booktitle = {Digital {Forensic} {Research} {Workshop} {Annual} {Conference}},
	author = {Garfinkel, S.L.},
	year = {2007},
	keywords = {header/footer},
	pages = {S2--S12},
	file = {Garfinkel - 2007 - Carving contiguous and fragmented files with fast .pdf:/home/atila.alr/Sync/mestrado/zotero/storage/ML3GAJD6/Garfinkel - 2007 - Carving contiguous and fragmented files with fast .pdf:application/pdf}
}

@inproceedings{mcdaniel_content_2003,
	title = {Content based file type detection algorithms},
	doi = {10.1109/HICSS.2003.1174905},
	booktitle = {36th {Annual} {Hawaii} {International} {Conference} on {System} {Sciences}},
	author = {McDaniel, M. and Heydari, M.H.},
	year = {2003},
	note = {10p},
	keywords = {BFD, header/footer, BFA},
	file = {Submitted Version:/home/atila.alr/Sync/mestrado/zotero/storage/224REY4Q/McDaniel and Heydari - 2003 - Content based file type detection algorithms.pdf:application/pdf}
}

@inproceedings{richard_iii_scalpel:_2005,
	title = {Scalpel: {A} frugal, high performance file carver},
	booktitle = {Digital {Forensic} {Research} {Workshop}},
	author = {Richard III, G.G. and Roussev, V.},
	year = {2005},
	note = {11p},
	keywords = {scalpel},
	file = {Richard III and Roussev - 2005 - Scalpel A frugal, high performance file carver.pdf:/home/atila.alr/Sync/mestrado/zotero/storage/CIM5ST6L/Richard III and Roussev - 2005 - Scalpel A frugal, high performance file carver.pdf:application/pdf}
}

@inproceedings{sportiello_context-based_2012,
	title = {Context-based file block classification},
	booktitle = {{IFIP} {International} {Conference} on {Digital} {Forensics}},
	publisher = {Springer},
	author = {Sportiello, Luigi and Zanero, Stefano},
	year = {2012},
	keywords = {SVM, Oscar, file block classification},
	pages = {67--82},
	file = {Full Text:/home/atila.alr/Sync/mestrado/zotero/storage/X6WKIYC3/Sportiello and Zanero - 2012 - Context-based file block classification.pdf:application/pdf}
}

@misc{kendall_foremost_2019,
	title = {Foremost},
	url = {http://foremost.sourceforge.net/},
	journal = {Foremost},
	author = {Kendall, K. and Kornblum, J. and Mikus, N.},
	month = jan,
	year = {2019}
}

@inproceedings{qiu_new_2014,
	title = {A new approach to multimedia files carving},
	doi = {10.1109/BIBE.2014.31},
	booktitle = {{IEEE} 14th {International} {Conference} on {Bioinformatics} and {Bioengineering}},
	author = {Qiu, W. and Zhu, R. and Guo, J. and Tang, X. and Liu, B. and Huang, Z.},
	year = {2014},
	keywords = {SVM},
	pages = {105--110},
	file = {Qiu et al. - 2014 - A new approach to multimedia files carving.pdf:/home/atila.alr/Sync/mestrado/zotero/storage/QI8KBVVW/Qiu et al. - 2014 - A new approach to multimedia files carving.pdf:application/pdf}
}

@inproceedings{sportiello_file_2011,
	title = {File block classification by {Support} {Vector} {Machines}},
	doi = {10.1109/ARES.2011.52},
	booktitle = {6th {International} {Conference} on {Availability}, {Reliability} and {Security} ({ARES})},
	author = {Sportiello, L. and Zanero, S.},
	year = {2011},
	keywords = {SVM},
	pages = {307--312}
}

@article{ali_classification_2018,
	title = {Classification of {JPEG} {Files} by {Using} {Extreme} {Learning} {Machine}},
	volume = {33-42},
	journal = {Recent Advances on Soft Computing and Data Mining, Springer, Cham, Pp},
	author = {Ali, R.R. and Mohamad, K.M. and Jamel, S. and Khalid, S.K.A.},
	year = {2018},
	keywords = {ELM},
	pages = {2018}
}

@mastersthesis{roux_reconstructing_2008,
	title = {Reconstructing {Textual} {File} {Fragments} {Using} {Unsupervised} {Machine} {Learning} {Techniques}},
	school = {University of New Orleans},
	author = {Roux, Brian},
	year = {2008},
	note = {52p},
	keywords = {SVM, genetic algorithms},
	file = {Full Text:/home/atila.alr/Sync/mestrado/zotero/storage/65CXSYGL/Roux - 2008 - Reconstructing Textual File Fragments Using Unsupe.pdf:application/pdf}
}

@mastersthesis{nadeem_ashraf_forensic_2013,
	title = {Forensic {Multimedia} {File} {Carving}},
	school = {KTH Royal Institute of Technology},
	author = {Nadeem Ashraf, Muhammad},
	year = {2013},
	note = {56p},
	file = {Full Text:/home/atila.alr/Sync/mestrado/zotero/storage/YVVDVAUX/Nadeem Ashraf - 2013 - Forensic Multimedia File Carving.pdf:application/pdf}
}

@misc{wikipedia_pattern_2018,
	title = {Pattern {Recognition}},
	url = {https://en.wikipedia.org/wiki/Pattern_recognition},
	author = {Wikipedia},
	month = jul,
	year = {2018}
}

@misc{grenier_photorec_2019,
	title = {Photorec},
	url = {https://www.cgsecurity.org/wiki/PhotoRec},
	urldate = {2019-10-01},
	author = {Grenier, Christophe},
	month = jan,
	year = {2019}
}

@incollection{zhang_svm_2016,
	title = {{SVM} and {ELM}: who wins? {Object} recognition with deep convolutional features from imagenet},
	volume = {1},
	booktitle = {2015 {International} {Conference} on {Extreme} {Learning} {Machines}},
	publisher = {Springer},
	author = {Zhang, Lei and Zhang, David and Tian, Fengchun},
	year = {2016},
	keywords = {SVM, ELM},
	pages = {249--263},
	file = {Zhang et al. - 2016 - SVM and ELM who wins Object recognition with dee.pdf:/home/atila.alr/Sync/mestrado/zotero/storage/4CPWM7JT/Zhang et al. - 2016 - SVM and ELM who wins Object recognition with dee.pdf:application/pdf}
}

@article{axelsson_normalised_2010,
	title = {The {Normalised} {Compression} {Distance} as a file fragment classifier},
	volume = {7},
	issn = {1742-2876},
	doi = {10.1016/j.diin.2010.05.004},
	journal = {Digital Investigation},
	author = {Axelsson, Stefan},
	year = {2010},
	keywords = {kNN},
	pages = {S24--S31},
	file = {1-s2.0-S1742287610000319-main.pdf:/home/atila.alr/Sync/mestrado/zotero/storage/S3WVDZJQ/1-s2.0-S1742287610000319-main.pdf:application/pdf}
}

@article{pal_evolution_2009,
	title = {The evolution of file carving},
	volume = {26},
	issn = {1053-5888},
	doi = {10.1109/MSP.2008.931081},
	number = {2},
	journal = {IEEE signal processing magazine},
	author = {Pal, Anandabrata and Memon, Nasir},
	year = {2009},
	keywords = {file structure based carving},
	pages = {59--71},
	file = {Pal and Memon - 2009 - The evolution of file carving.pdf:/home/atila.alr/Sync/mestrado/zotero/storage/AR2ELB59/Pal and Memon - 2009 - The evolution of file carving.pdf:application/pdf}
}

@inproceedings{luigi_file_2011,
	title = {File {Block} {Classification} by {Support} {Vector} {Machines}},
	isbn = {0-7695-4485-1},
	booktitle = {6th {International} {Conference} on {Availability}, {Reliability} and {Security} ({ARES})},
	publisher = {IEEE Computer Society},
	author = {Luigi, Sportiello and Stefano, Zanero},
	year = {2011},
	keywords = {SVM},
	pages = {307--312},
	file = {Luigi and Stefano - 2011 - File Block Classification by Support Vector Machin.pdf:/home/atila.alr/Sync/mestrado/zotero/storage/R2AGQI85/Luigi and Stefano - 2011 - File Block Classification by Support Vector Machin.pdf:application/pdf}
}

@inproceedings{gopal_statistical_2011,
	title = {Statistical learning for file-type identification},
	volume = {1},
	isbn = {1-4577-2134-1},
	booktitle = {10th {International} {Conference} on {Machine} {Learning} and {Applications} and {Workshops} ({ICMLA})},
	publisher = {IEEE},
	author = {Gopal, Siddharth and Yang, Yiming and Salomatin, Konstantin and Carbonell, Jaime},
	year = {2011},
	keywords = {kNN, SVM},
	pages = {68--73}
}

@article{conti_automated_2010,
	title = {Automated mapping of large binary objects using primitive fragment type classification},
	volume = {7},
	issn = {1742-2876},
	doi = {10.1016/j.diin.2010.05.002},
	journal = {Digital Investigation},
	author = {Conti, Gregory and Bratus, Sergey and Shubina, Anna and Sangster, Benjamin and Ragsdale, Roy and Supan, Matthew and Lichtenberg, Andrew and Perez-Alemany, Robert},
	year = {2010},
	keywords = {kNN, primitive structures classification},
	pages = {S3--S12},
	file = {Conti et al. - 2010 - Automated mapping of large binary objects using pr.pdf:/home/atila.alr/Sync/mestrado/zotero/storage/BSPVWU2Y/Conti et al. - 2010 - Automated mapping of large binary objects using pr.pdf:application/pdf}
}

@inproceedings{veenman_statistical_2007,
	title = {Statistical disk cluster classification for file carving},
	isbn = {0-7695-2876-7},
	booktitle = {3rd {International} {Symposium} on {Information} {Assurance} and {Security} ({IAS})},
	publisher = {IEEE},
	author = {Veenman, Cor J},
	year = {2007},
	keywords = {2-class multi-class},
	pages = {393--398},
	file = {Veenman - 2007 - Statistical disk cluster classification for file c.pdf:/home/atila.alr/Sync/mestrado/zotero/storage/RRABIQQB/Veenman - 2007 - Statistical disk cluster classification for file c.pdf:application/pdf}
}

@article{fitzgerald_using_2012,
	title = {Using {NLP} techniques for file fragment classification},
	volume = {9},
	issn = {1742-2876},
	doi = {10.1016/j.diin.2012.05.008},
	journal = {Digital Investigation},
	author = {Fitzgerald, Simran and Mathews, George and Morris, Colin and Zhulyn, Oles},
	year = {2012},
	keywords = {SVM, entropy, bag of words},
	pages = {S44--S49}
}

@inproceedings{amirani_new_2008,
	title = {A new approach to content-based file type detection},
	isbn = {1-4244-2702-9},
	booktitle = {{IEEE} {Symposium} on {Computers} and {Communications}},
	publisher = {IEEE},
	author = {Amirani, Mehdi Chehel and Toorani, Mohsen and Beheshti, Asghar},
	year = {2008},
	keywords = {NN, PCA},
	pages = {1103--1108},
	file = {Full Text:/home/atila.alr/Sync/mestrado/zotero/storage/49MG4ZFX/Amirani et al. - 2008 - A new approach to content-based file type detectio.pdf:application/pdf;Snapshot:/home/atila.alr/Sync/mestrado/zotero/storage/PSX6Y38H/4625611.html:text/html}
}

@mastersthesis{harris_using_2007,
	title = {Using artificial neural networks for forensic file type identification},
	school = {Purdue University},
	author = {Harris, Ryan M},
	year = {2007},
	note = {56p},
	file = {2007-19.ps:/home/atila.alr/Sync/mestrado/zotero/storage/RMJ98YY4/2007-19.ps:application/postscript}
}

@inproceedings{dunham_classifying_2005,
	title = {Classifying file type of stream ciphers in depth using neural networks},
	isbn = {0-7803-8735-X},
	booktitle = {3rd {ACS}/{IEEE} {International} {Conference} on {Computer} {Systems} and {Applications}},
	publisher = {IEEE},
	author = {Dunham, James G and Sun, Ming-Tan and Tseng, Judy CR},
	year = {2005},
	pages = {97},
	file = {Dunham et al. - 2005 - Classifying file type of stream ciphers in depth u.pdf:/home/atila.alr/Sync/mestrado/zotero/storage/SURJ73CE/Dunham et al. - 2005 - Classifying file type of stream ciphers in depth u.pdf:application/pdf}
}

@inproceedings{maslim_distributed_2014,
	title = {Distributed autonomous {Neuro}-{Gen} {Learning} {Engine} for content-based document file type identification},
	isbn = {1-4799-7975-9},
	booktitle = {International {Conference} on {Cyber} and {IT} {Service} {Management} ({CITSM})},
	publisher = {IEEE},
	author = {Maslim, Aaron and Sitompul, Opim Salim and Rahmat, Romi Fadillah},
	year = {2014},
	pages = {63--68},
	file = {Sitompul and Rahmat - 2014 - Distributed autonomous Neuro-Gen Learning Engine f.pdf:/home/atila.alr/Sync/mestrado/zotero/storage/J7DSNTMW/Sitompul and Rahmat - 2014 - Distributed autonomous Neuro-Gen Learning Engine f.pdf:application/pdf}
}

@phdthesis{kitchenham_guidelines_2007,
	type = {Technical {Report}},
	title = {Guidelines for performing {Systematic} {Literature} {Reviews} in {Software} {Engineering}},
	school = {Keele University and Durham University Joint Report},
	author = {Kitchenham, B. and Charters, S.},
	year = {2007}
}

@book{graves_supervised_2012,
	series = {Studies in {Computational} {Intelligence}},
	title = {Supervised sequence labelling with recurrent neural networks},
	volume = {385, 146p},
	isbn = {978-3-642-24797-2},
	url = {https://www.cs.toronto.edu/~graves/preprint.pdf},
	publisher = {Springer},
	author = {Graves, Alex},
	year = {2012},
	file = {Graves - 2012 - Supervised sequence labelling with recurrent neura.pdf:/home/atila.alr/Sync/mestrado/zotero/storage/ZB9K2739/Graves - 2012 - Supervised sequence labelling with recurrent neura.pdf:application/pdf}
}

@article{cuong_conditional_2014,
	title = {Conditional {Random} {Field} with {High}-order {Dependencies} for {Sequence} {Labeling} and {Segmentation}},
	volume = {15},
	issn = {1532-4435},
	url = {http://dl.acm.org/citation.cfm?id=2627435.2638567},
	number = {1},
	journal = {Journal of Machine Learning Research},
	author = {Cuong, Nguyen Viet and Ye, Nan and Lee, Wee Sun and Chieu, Hai Leong},
	month = jan,
	year = {2014},
	keywords = {sequence labeling, conditional random field, high-order feature, label sparsity, segmentation, semi-Markov conditional random field},
	pages = {981--1009}
}

@article{zhang_nonrecurrent_2017,
	title = {Nonrecurrent {Neural} {Structure} for {Long}-{Term} {Dependence}},
	volume = {25},
	issn = {2329-9290},
	url = {https://doi.org/10.1109/TASLP.2017.2672398},
	doi = {10.1109/TASLP.2017.2672398},
	number = {4},
	journal = {IEEE/ACM Transactions on Audio, Speech, and Language Processing},
	author = {Zhang, Shiliang and Liu, Cong and Jiang, Hui and Wei, Si and Dai, Lirong and Hu, Yu and Zhang, Shiliang and Liu, Cong and Jiang, Hui and Wei, Si and Dai, Lirong and Hu, Yu},
	month = apr,
	year = {2017},
	pages = {871--884}
}

@inproceedings{fang_deepasl:_2017,
	address = {New York, NY, USA},
	series = {{SenSys} '17},
	title = {{DeepASL}: {Enabling} {Ubiquitous} and {Non}-{Intrusive} {Word} and {Sentence}-{Level} {Sign} {Language} {Translation}},
	isbn = {978-1-4503-5459-2},
	url = {http://doi.acm.org/10.1145/3131672.3131693},
	doi = {10.1145/3131672.3131693},
	booktitle = {15th {ACM} {Conference} on {Embedded} {Network} {Sensor} {Systems}},
	publisher = {ACM},
	author = {Fang, Biyi and Co, Jillian and Zhang, Mi},
	year = {2017},
	keywords = {Assistive Technology, Deep Learning, Human-Computer Interaction, Mobile Sensing Systems, Sign Language Translation},
	pages = {5:1--5:13}
}

@inproceedings{velickovic_cross-modal_2018,
	address = {New York, NY, USA},
	series = {{PervasiveHealth} '18},
	title = {Cross-modal {Recurrent} {Models} for {Weight} {Objective} {Prediction} from {Multimodal} {Time}-series {Data}},
	isbn = {978-1-4503-6450-8},
	url = {http://doi.acm.org/10.1145/3240925.3240937},
	doi = {10.1145/3240925.3240937},
	booktitle = {12th {EAI} {International} {Conference} on {Pervasive} {Computing} {Technologies} for {Healthcare}},
	publisher = {ACM},
	author = {Veličković, Petar and Karazija, Laurynas and Lane, Nicholas D. and Bhattacharya, Sourav and Liberis, Edgar and Liò, Pietro and Chieh, Angela and Bellahsen, Otmane and Vegreville, Matthieu},
	year = {2018},
	keywords = {Fitness applications, Health data analytics, Long short-term memory, Multimodal time-series prediction, X-LSTM},
	pages = {178--186}
}

@inproceedings{zhao_recurrent_2017,
	title = {Recurrent convolutional neural network for speech processing},
	doi = {10.1109/ICASSP.2017.7953168},
	booktitle = {{IEEE} {International} {Conference} on {Acoustics}, {Speech} and {Signal} {Processing} ({ICASSP})},
	author = {Zhao, Y. and Jin, X. and Hu, X.},
	month = mar,
	year = {2017},
	keywords = {Hidden Markov models, Convolution, convolutional layer, deep learning model, emotion recognition, IEMOCAP, learning (artificial intelligence), neural nets, Neural networks, phoneme recognition, RCNN, recurrent convolutional neural network, spectrogram, Speech, speech corpus TIMIT, speech processing, Speech processing, speech recognition, Speech recognition, Time-frequency analysis},
	pages = {5300--5304}
}

@article{jeong_triangular-chain_2008,
	title = {Triangular-{Chain} {Conditional} {Random} {Fields}},
	volume = {16},
	issn = {1558-7916},
	doi = {10.1109/TASL.2008.925143},
	number = {7},
	journal = {IEEE Transactions on Audio, Speech, and Language Processing},
	author = {Jeong, M. and Lee, G. G.},
	month = sep,
	year = {2008},
	keywords = {Labeling, speech processing, Speech processing, Speech recognition, natural language processing, Natural languages, Natural language processing, Acoustic measurements, Conditional random fields (CRFs), dialog act classification, Intelligent robots, parameter estimation, Parameter estimation, probabilistic sequence modeling, sequence classification, sequential modeling, spoken language understanding, Time measurement, triangular-chain conditional random fields, triangular-chain structure, Uncertainty},
	pages = {1287--1302}
}

@article{deng_machine_2013,
	title = {Machine {Learning} {Paradigms} for {Speech} {Recognition}: {An} {Overview}},
	volume = {21},
	issn = {1558-7916},
	doi = {10.1109/TASL.2013.2244083},
	number = {5},
	journal = {IEEE Transactions on Audio, Speech, and Language Processing},
	author = {Deng, L. and Li, X.},
	month = may,
	year = {2013},
	keywords = {hidden Markov model, hidden Markov models, Training, supervised learning, deep learning, learning (artificial intelligence), Speech processing, speech recognition, Speech recognition, Machine learning, Acoustics, active learning, adaptive, adaptive learning, ASR communities, ASR research, ASR systems, automatic speech recognition, Bayesian, Bayesian learning, Bayesian methods, cross-pollination, discriminative, discriminative learning, dynamics, generative, generative learning, machine learning paradigms, machine learning techniques, multitask learning, overview, semisupervised learning, structured sequence learning, super vised, unsupervised, unsupervised learning},
	pages = {1060--1089}
}

@article{papadopoulos_models_2017,
	title = {Models for {Music} {Analysis} {From} a {Markov} {Logic} {Networks} {Perspective}},
	volume = {25},
	issn = {2329-9290},
	doi = {10.1109/TASLP.2016.2614351},
	number = {1},
	journal = {IEEE/ACM Transactions on Audio, Speech, and Language Processing},
	author = {Papadopoulos, H. and Tzanetakis, G.},
	month = jan,
	year = {2017},
	keywords = {Estimation, hidden Markov models, Hidden Markov models, knowledge representation, artificial intelligence, Computational modeling, music, Analytical models, chord, Conditional random fields, first-order logic model, key, logic-based model, Markov logic networks, Markov logic networks perspective, Markov processes, Multiple signal classification, Music, music analysis, music information retrieval, musical structure, probabilistic graphical model, Probabilistic logic, Statistical relational learning, tonal harmony},
	pages = {19--34}
}

@article{wang_ica_2013,
	title = {An {ICA} {Mixture} {Hidden} {Conditional} {Random} {Field} {Model} for {Video} {Event} {Classification}},
	volume = {23},
	issn = {1051-8215},
	doi = {10.1109/TCSVT.2012.2203195},
	number = {1},
	journal = {IEEE Transactions on Circuits and Systems for Video Technology},
	author = {Wang, X. and Zhang, X.},
	month = jan,
	year = {2013},
	keywords = {hidden Markov model, hidden Markov models, Hidden Markov models, Training, Labeling, image classification, Feature extraction, Analytical models, bowling video event, Bowling video events, classification accuracy, Gaussian distribution, golf video event, golf video events, graphical models, Graphical models, hidden conditional random field model, hockey video events, ICA mixture feature functions, ICA mixture hidden conditional random field (ICAMHCRF), independent component analysis, Markov chain interaction, nonGaussian distributions, observation distribution, sport, sport video events, Vectors, video content analysis, video event classification, video frames, video signal processing},
	pages = {46--59}
}

@inproceedings{song_multi-view_2012,
	title = {Multi-view latent variable discriminative models for action recognition},
	doi = {10.1109/CVPR.2012.6247918},
	booktitle = {{IEEE} {Conference} on {Computer} {Vision} and {Pattern} {Recognition}},
	author = {Song, Y. and Morency, L. and Davis, R.},
	month = jun,
	year = {2012},
	keywords = {Data models, Hidden Markov models, Humans, Mathematical model, Accuracy, action recognition model, ArmGesture continuous data, body postures, Equations, gesture recognition, hand shapes, multichain structured latent conditional model, multiple views, multiview latent variable discriminative model, pose estimation, Topology, unsegmented human action recognition task},
	pages = {2120--2127}
}

@inproceedings{xie_fully_2016,
	title = {Fully convolutional recurrent network for handwritten {Chinese} text recognition},
	doi = {10.1109/ICPR.2016.7900261},
	booktitle = {23rd {International} {Conference} on {Pattern} {Recognition} ({ICPR})},
	author = {Xie, Zecheng and Sun, Zenghui and Jin, Lianwen and Feng, Ziyong and Zhang, Shuye},
	month = dec,
	year = {2016},
	keywords = {Training, segmentation, Speech recognition, feature extraction, Logic gates, image segmentation, recurrent neural nets, text detection, Text recognition, Feature extraction, handwritten character recognition, image representation, feedforward neural nets, Trajectory, CASIA-OLHWDB databases, databases, FCRN, fully convolutional recurrent network, handwritten Chinese text recognition, HCTR, ICDAR 2013 Chinese handwriting recognition competition, label sequence, natural languages, online text data, path-signature layer, pen-tip trajectory, refined beam search method, Search methods, search problems, sequence modeling layer, signature feature extraction, transcription layer},
	pages = {4011--4016}
}

@article{schmidhuber_deep_2015,
	title = {Deep {Learning} in neural networks: {An} overview},
	volume = {61},
	url = {https://www.scopus.com/inward/record.uri?eid=2-s2.0-84910651844&doi=10.1016%2fj.neunet.2014.09.003&partnerID=40&md5=1e380e40a7a616540c705ef8a63ce456},
	doi = {10.1016/j.neunet.2014.09.003},
	journal = {Neural Networks},
	author = {Schmidhuber, J.},
	year = {2015},
	pages = {85--117}
}

@inproceedings{irsoy_opinion_2014,
	title = {Opinion mining with deep recurrent neural networks},
	url = {https://www.scopus.com/inward/record.uri?eid=2-s2.0-84926052014&partnerID=40&md5=848421764724b8db311d250b32047044},
	doi = {10.3115/v1/D14-1080},
	booktitle = {Conference on {Empirical} {Methods} in {Natural} {Language} {Processing}},
	author = {Irsoy, O. and Cardie, C.},
	year = {2014},
	pages = {720--728}
}

@inproceedings{liu_global_2017,
	title = {Global context-aware attention {LSTM} networks for 3D action recognition},
	volume = {2017-January},
	url = {https://www.scopus.com/inward/record.uri?eid=2-s2.0-85041922534&doi=10.1109%2fCVPR.2017.391&partnerID=40&md5=e43a78404c83e8242052444eed53c0e3},
	doi = {10.1109/CVPR.2017.391},
	booktitle = {30th {IEEE} {Conference} on {Computer} {Vision} and {Pattern} {Recognition} ({CVPR})},
	author = {Liu, J. and Wang, G. and Hu, P. and Duan, L.-Y. and Kot, A.C.},
	year = {2017},
	pages = {3671--3680}
}

@article{cui_continuous_2016,
	title = {Continuous online sequence learning with an unsupervised neural network model},
	volume = {28},
	url = {https://www.scopus.com/inward/record.uri?eid=2-s2.0-84994779125&doi=10.1162%2fNECO_a_00893&partnerID=40&md5=2c13c5bd02c69de5b100b5ff7332d9d7},
	doi = {10.1162/NECO_a_00893},
	number = {11},
	journal = {Neural Computation},
	author = {Cui, Y. and Ahmad, S. and Hawkins, J.},
	year = {2016},
	pages = {2474--2504}
}

@article{chatzis_infinite-order_2013,
	title = {The infinite-order conditional random field model for sequential data modeling},
	volume = {35},
	url = {https://www.scopus.com/inward/record.uri?eid=2-s2.0-84885009404&doi=10.1109%2fTPAMI.2012.208&partnerID=40&md5=573d641d6a4b5c19cc0762c55ac7a8d9},
	doi = {10.1109/TPAMI.2012.208},
	number = {6},
	journal = {IEEE Transactions on Pattern Analysis and Machine Intelligence},
	author = {Chatzis, S.P. and Demiris, Y.},
	year = {2013},
	pages = {1523--1534}
}

@inproceedings{tjandra_gated_2016,
	title = {Gated {Recurrent} {Neural} {Tensor} {Network}},
	volume = {2016-October},
	url = {https://www.scopus.com/inward/record.uri?eid=2-s2.0-85007163155&doi=10.1109%2fIJCNN.2016.7727233&partnerID=40&md5=8adbf8c52e62943f9d18b8408bae8506},
	doi = {10.1109/IJCNN.2016.7727233},
	booktitle = {International {Joint} {Conference} on {Neural} {Networks}},
	author = {Tjandra, A. and Sakti, S. and Manurung, R. and Adriani, M. and Nakamura, S.},
	year = {2016},
	pages = {448--455}
}

@article{feng_attention_2018,
	title = {Attention based hierarchical {LSTM} network for context-aware microblog sentiment classification},
	volume = {22},
	doi = {10.1007/s11280-018-0529-6},
	number = {1},
	journal = {World Wide Web},
	author = {Feng, Shi and Wang, Yang and Liu, Liran and Wang, Daling and Yu, Ge},
	year = {2018},
	pages = {1--23}
}

@article{dafe_learning_2015,
	title = {Learning sequential classifiers from long and noisy discrete-event sequences efficiently},
	volume = {29},
	doi = {10.1007/s10618-014-0391-9},
	number = {6},
	journal = {Data Mining and Knowledge Discovery},
	author = {Dafé, Gessé and Veloso, Adriano and Zaki, Mohammed and Meira, Wagner},
	year = {2015},
	pages = {1685--1708}
}

@article{nguyen_recurrent_2018,
	title = {Recurrent neural network-based models for recognizing requisite and effectuation parts in legal texts},
	volume = {26},
	doi = {10.1007/s10506-018-9225-1},
	number = {2},
	journal = {Artificial Intelligence and Law},
	author = {Nguyen, Truong-Son and Nguyen, Le-Minh and Tojo, Satoshi and Satoh, Ken and Shimazu, Akira},
	year = {2018},
	pages = {1--31}
}

@misc{chollet_keras_2019,
	title = {Keras},
	url = {https://keras.io/},
	urldate = {2019-10-01},
	author = {Chollet, François},
	month = jan,
	year = {2019}
}

@misc{google_brain_tensorflow_2019,
	title = {{TensorFlow}},
	url = {https://www.tensorflow.org/},
	urldate = {2019-10-01},
	author = {Google Brain},
	month = jan,
	year = {2019}
}

@inproceedings{petersen_systematic_2008,
	title = {Systematic {Mapping} {Studies} in {Software} {Engineering}.},
	volume = {8},
	booktitle = {Evaluation and {Assessment} in {Software} {Engineering}},
	author = {Petersen, Kai and Feldt, Robert and Mujtaba, Shahid and Mattsson, Michael},
	year = {2008},
	pages = {68--77}
}

@article{hochreiter_long_1997,
	title = {Long short-term memory},
	volume = {9},
	number = {8},
	journal = {Neural computation},
	author = {Hochreiter, Sepp and Schmidhuber, Jürgen},
	year = {1997},
	pages = {1735--1780},
	file = {Hochreiter and Schmidhuber - 1997 - Long short-term memory.pdf:/home/atila.alr/Sync/mestrado/zotero/storage/YE7CBNJY/Hochreiter and Schmidhuber - 1997 - Long short-term memory.pdf:application/pdf}
}

@inproceedings{graves_connectionist_2006,
	title = {Connectionist temporal classification: labelling unsegmented sequence data with recurrent neural networks},
	booktitle = {Proceedings of the 23rd international conference on {Machine} learning},
	publisher = {ACM},
	author = {Graves, Alex and Fernández, Santiago and Gomez, Faustino and Schmidhuber, Jürgen},
	year = {2006},
	pages = {369--376},
	file = {Graves et al. - 2006 - Connectionist temporal classification labelling u.pdf:/home/atila.alr/Sync/mestrado/zotero/storage/TNFZ36CW/Graves et al. - 2006 - Connectionist temporal classification labelling u.pdf:application/pdf}
}